@inproceedings{brown1985interfaces,
  title={Interfaces in organizations (panel session): supporting group work},
  author={Brown, John Seely and Cashman, Paul M and Malone, Thomas and Greif, Irene},
  booktitle={ACM SIGCHI Bulletin},
  volume={16},
  number={4},
  pages={65},
  year={1985},
  organization={ACM}
}

@inproceedings{de2004sometimes,
  title={Sometimes you need to see through walls: a field study of application programming interfaces},
  author={de Souza, Cleidson RB and Redmiles, David and Cheng, Li-Te and Millen, David and Patterson, John},
  booktitle={Proceedings of the 2004 ACM conference on Computer supported cooperative work},
  pages={63--71},
  year={2004},
  organization={ACM}
}

@article{ellis1991groupware,
  title={Groupware: some issues and experiences},
  author={Ellis, Clarence A and Gibbs, Simon J and Rein, Gail},
  journal={Communications of the ACM},
  volume={34},
  number={1},
  pages={39--58},
  year={1991},
  publisher={ACM}
}

@inproceedings{garrido2000designing,
  title={Designing Co-operative Systems for Human Collaboration},
  author={Garrido, JL and Gea, M and Gutierrez, FL and Padilla, N},
  booktitle={Designing Cooperative Systems: The Use of Theories and Models: Proceedings of the 5th International Conference on the Design of Cooperative Systems (COOP'2000)},
  volume={58},
  pages={399},
  year={2000},
  organization={IOS Press}
}

@inproceedings{gea2002amenities,
  title={AMENITIES: Metodologia de modelado de sistemas cooperativos},
  author={Gea, Miguel and Guti{\'e}rrez, F and Garrido, J and Ca{\~n}as, J},
  booktitle={Workshop de Investigaci{\'o}n sobre nuevos paradigmas de interacci{\'o}n en entornos colaborativos aplicados a la gesti{\'o}n y difusi{\'o}n del Patrimonio cultural},
  year={2002}
}

@article{grudin1994groupware,
  title={Groupware and social dynamics: Eight challenges for developers},
  author={Grudin, Jonathan},
  journal={Communications of the ACM},
  volume={37},
  number={1},
  pages={92--105},
  year={1994},
  publisher={ACM}
}

@incollection{gutwin1996workspace,
  title={Workspace awareness in real-time distributed groupware: Framework, widgets, and evaluation},
  author={Gutwin, Carl and Greenberg, Saul and Roseman, Mark},
  booktitle={People and Computers XI},
  pages={281--298},
  year={1996},
  publisher={Springer}
}

@article{gutwin2002descriptive,
  title={A descriptive framework of workspace awareness for real-time groupware},
  author={Gutwin, Carl and Greenberg, Saul},
  journal={Computer Supported Cooperative Work (CSCW)},
  volume={11},
  number={3-4},
  pages={411--446},
  year={2002},
  publisher={Springer}
}

@book{lauesen2005user,
  title={User interface design: a software engineering perspective},
  author={Lauesen, Soren},
  year={2005},
  publisher={Pearson Education}
}

@article{lauwers1990replicated,
  title={Replicated architectures for shared window systems: A critique},
  author={Lauwers, J Chris and Joseph, Thomas A and Lantz, Keith A and Romanow, Allyn L},
  journal={ACM SIGOIS Bulletin},
  volume={11},
  number={2-3},
  pages={249--260},
  year={1990},
  publisher={ACM}
}

@book{paterno2012model,
  title={Model-based design and evaluation of interactive applications},
  author={Paterno, Fabio},
  year={2012},
  publisher={Springer Science \& Business Media}
}

@inproceedings{pencil2010,
  title={Pencil the Open Source GUI Prototyping tool},
  author={Evolus},
  note={http://pencil.evolus.vn/en-US/Home.aspx en 7 mayo 2012},
  year={2010},
  organization={Evolus}
}

@inproceedings{roseman1996teamrooms,
  title={TeamRooms: network places for collaboration},
  author={Roseman, Mark and Greenberg, Saul},
  booktitle={Proceedings of the 1996 ACM conference on Computer supported cooperative work},
  pages={325--333},
  year={1996},
  organization={ACM}
}

@incollection{van1998ontology,
  title={An ontology for task world models},
  author={Van Welie, Martijn and Van der Veer, Gerrit C and Eli{\"e}ns, Anton},
  booktitle={Design, Specification and Verification of Interactive Systemsâ€™ 98},
  pages={57--70},
  year={1998},
  publisher={Springer}
}

@book{wilson1991computer,
  title={Computer supported cooperative work:: An introduction},
  author={Wilson, Paul},
  year={1991},
  publisher={Springer Science \& Business Media}
}

@book{xia2006leveraging,
  title={Leveraging Single-User Applications for Multi-User Collaboration},
  author={Xia, Qian},
  year={2006},
  publisher={Griffith University}
}